<record><leader>00000cas a2200000 a 4500</leader><controlfield tag="001">11284441</controlfield><controlfield tag="008">841019d18951915ksuwr ne      0   a0eng d</controlfield><datafield ind1=" " ind2=" " tag="010"><subfield code="a">sn 84029924 </subfield></datafield><datafield ind1=" " ind2=" " tag="040"><subfield code="a">KSH</subfield><subfield code="b">eng</subfield><subfield code="c">KSH</subfield><subfield code="d">NPT</subfield><subfield code="d">OCL</subfield><subfield code="d">OCLCQ</subfield></datafield><datafield ind1=" " ind2=" " tag="042"><subfield code="a">msc</subfield></datafield><datafield ind1="0" ind2="4" tag="245"><subfield code="a">The Ottawa weekly herald.</subfield></datafield><datafield ind1=" " ind2=" " tag="260"><subfield code="a">Ottawa, Kan. :</subfield><subfield code="b">J.L. Bristow,</subfield><subfield code="c">1895-1915.</subfield></datafield><datafield ind1=" " ind2=" " tag="300"><subfield code="a">20 v. :</subfield><subfield code="b">ill. ;</subfield><subfield code="c">54-69 cm.</subfield></datafield><datafield ind1=" " ind2=" " tag="310"><subfield code="a">Weekly</subfield></datafield><datafield ind1="0" ind2=" " tag="362"><subfield code="a">Vol. 14, no. 42 (Oct. 17, 1895)-v. 34, no. 10 (Mar. 18, 1915).</subfield></datafield><datafield ind1=" " ind2=" " tag="500"><subfield code="a">Publisher varies.</subfield></datafield><datafield ind1=" " ind2=" " tag="500"><subfield code="a">"Republican."</subfield></datafield><datafield ind1=" " ind2=" " tag="580"><subfield code="a">Issued also in a daily edition called: Evening herald (Ottawa, Kan.) Nov. 18, 1896-Dec. 31, 1914.</subfield></datafield><datafield ind1=" " ind2=" " tag="752"><subfield code="a">United States</subfield><subfield code="b">Kansas</subfield><subfield code="c">Franklin</subfield><subfield code="d">Ottawa.</subfield></datafield><datafield ind1="1" ind2=" " tag="775"><subfield code="t">Evening herald (Ottawa, Kan.)</subfield><subfield code="g">Nov. 18, 1896-Dec. 31, 1914</subfield><subfield code="w">(DLC)sn 84029922</subfield></datafield><datafield ind1="0" ind2="0" tag="780"><subfield code="t">Ottawa herald (Ottawa, Kan. : 1889)</subfield><subfield code="w">(DLC)sn 84029925</subfield></datafield><datafield ind1="0" ind2="4" tag="785"><subfield code="t">Evening herald and the Ottawa daily republic</subfield><subfield code="w">(DLC)sn 84029923</subfield></datafield></record>